@article{cardrates,
    author = {Erica Sandberg},
    title = {The Average Number of Credit Card Transactions Per Day & Year},
    journal = {CardRates},
    year = {2020},
    URL = {https://www.cardrates.com/advice/number-of-credit-card-transactions-per-day-year/}
}

@article{dorphy20182017,
  title={2017 financial institution payments fraud mitigation survey},
  author={Dorphy, A and Hultquist, H},
  journal={Federal Reserve Bank of Minneapolis},
  year={2018}
}

@article{shepard2019global,
  title={The global framework for fighting financial crime enhancing effectiveness \& improving outcomes},
  author={Shepard, M and Adams, T and Portilla, A and Ekberg, M and Wainwright, R and Jackson, K and Baumann, T and Bostock, C and Saleh, A and Lagoss, P Saplains},
  journal={Deloitte Report},
  year={2019}
}

@article{chairunnisa2023tracking,
  title={Tracking the Money: The Case of 1MDB Scandal},
  author={Chairunnisa, Rizqi Shafira and Shabrina, Lana and Rahma, Julia and Allam, Zaidan},
  journal={Global Focus},
  volume={3},
  number={1},
  pages={48--64},
  year={2023}
}

@inproceedings{kurshan2020financial,
  title={Financial crime \& fraud detection using graph computing: Application considerations \& outlook},
  author={Kurshan, Eren and Shen, Hongda and Yu, Haojie},
  booktitle={2020 Second International Conference on Transdisciplinary AI (TransAI)},
  pages={125--130},
  year={2020},
  organization={IEEE}
}

@INPROCEEDINGS{9913607,
  author={Aditi, Aditi and Dubey, Aman and Mathur, Ankit and Garg, Preeti},
  booktitle={2022 Fifth International Conference on Computational Intelligence and Communication Technologies (CCICT)}, 
  title={Credit Card Fraud Detection Using Advanced Machine Learning Techniques}, 
  year={2022},
  volume={},
  number={},
  pages={56-60},
  keywords={Computational modeling;Programming;Credit cards;Fraud;Plastics;Regression tree analysis;Random forests;Credit card;Fraud;Decision Tree;Logistic Regression;Random Forest},
  doi={10.1109/CCiCT56684.2022.00022}}

@article{outlier-detection,
    author = {Sadrach Pierre},
    title = {A Guide to Outlier Detection in Python},
    journal = {builtin},
    year = {2023},
    URL = {https://builtin.com/data-science/outlier-detection-python}
}

@article{boxplot-outlier,
    author = {KSV Muralidhar},
    title = {Outlier detection methods in Machine Learning},
    journal = {Towards Data Science},
    year = {2021},
    URL = {https://towardsdatascience.com/outlier-detection-methods-in-machine-learning-1c8b7cca6cb8}
}

@article{the-data-points,
    author = {CHIRAG GOYAL},
    title = {Outlier Detection & Removal | How to Detect & Remove Outliers},
    journal = {Analytics Vidhya},
    year = {2024},
    URL = {https://www.analyticsvidhya.com/blog/2021/05/feature-engineering-how-to-detect-and-remove-outliers-with-python-code/}
}

@article{chang2007intrusion,
  title={Intrusion detection by backpropagation neural networks with sample-query and attribute-query},
  author={Chang, Ray-I and Lai, Liang-Bin and Su, Wen-De and Wang, Jen-Chieh and Kouh, Jen-Shiang},
  journal={International Journal of Computational Intelligence Research},
  volume={3},
  number={1},
  pages={6--10},
  year={2007}
}

@article{afriyie2023supervised,
  title={A supervised machine learning algorithm for detecting and predicting fraud in credit card transactions},
  author={Afriyie, Jonathan Kwaku and Tawiah, Kassim and Pels, Wilhemina Adoma and Addai-Henne, Sandra and Dwamena, Harriet Achiaa and Owiredu, Emmanuel Odame and Ayeh, Samuel Amening and Eshun, John},
  journal={Decision Analytics Journal},
  volume={6},
  pages={100163},
  year={2023},
  publisher={Elsevier}
}


@article{fan2004using,
  title={Using artificial anomalies to detect unknown and known network intrusions},
  author={Fan, Wei and Miller, Matthew and Stolfo, Sal and Lee, Wenke and Chan, Phil},
  journal={Knowledge and Information Systems},
  volume={6},
  pages={507--527},
  year={2004},
  publisher={Springer}
}



@article{carcillo2021combining,
  title={Combining unsupervised and supervised learning in credit card fraud detection},
  author={Carcillo, Fabrizio and Le Borgne, Yann-A{\"e}l and Caelen, Olivier and Kessaci, Yacine and Obl{\'e}, Fr{\'e}d{\'e}ric and Bontempi, Gianluca},
  journal={Information sciences},
  volume={557},
  pages={317--331},
  year={2021},
  publisher={Elsevier}
}


@article{kazeemfraud,
  title={FRAUD DETECTION USING MACHINE LEARNING},
  author={Kazeem, Oladimeji}
}

@article{normalization,
    author = {Educative},
    title = {Data normalization in Python},
    journal = {Educative},
    year = {2024},
    URL = {https://www.educative.io/answers/data-normalization-in-python#}
}

@article{standardization,
    author = {Zakaria Jaadi},
    title = {When and Why to Standardize Your Data},
    journal = {builtin},
    year = {2023},
    URL = {https://builtin.com/data-science/when-and-why-standardize-your-data}
}

@article{XGboost,
    author = {guest blog},
    title = {Understanding the Math behind the XGBoost Algorithm},
    journal = {Analytics Vidhya},
    year = {2018},
    URL = {https://www.analyticsvidhya.com/blog/2018/09/an-end-to-end-guide-to-understand-the-math-behind-xgboost/}
}

@article{SVM,
    author = {Fred Tabsharani},
    title = {What is a support vector machine? | Definition from WhatIs},
    journal = {WhatIs},
    year = {2023},
    URL = {https://www.techtarget.com/whatis/definition/support-vector-machine-SVM#:~:text=A%20support%20vector%20machine%20(SVM)%20is%20a%20type%20of%20supervised,data%20set%20into%20two%20groups.}
}

@article{permai2023prediction,
  title={Prediction of Health Insurance Claims Using Logistic Regression and XGBoost Methods},
  author={Permai, Syarifah Diana and Herdianto, Kevin},
  journal={Procedia Computer Science},
  volume={227},
  pages={1012--1019},
  year={2023},
  publisher={Elsevier}
}

@article{related_work,
    author = {Shivam Kohli},
    title = {Understanding a Classification Report For Your Machine Learning Model},
    journal = {medium},
    year = {2019}
}